@article{CHAVIRA2008772,
title = "On probabilistic inference by weighted model counting",
journal = "Artificial Intelligence",
volume = "172",
number = "6",
pages = "772 - 799",
year = "2008",
issn = "0004-3702",
doi = "https://doi.org/10.1016/j.artint.2007.11.002",
url = "http://www.sciencedirect.com/science/article/pii/S0004370207001889",
author = "Mark Chavira and Adnan Darwiche",
keywords = "Bayesian networks, Exact inference, Weighted model counting, Compilation"
}

@article{SharpSAT,
title="sharpSAT - Counting Models with Advanced Component Caching and Implicit BCP",
author="Marc Thurley",
journal= "Proceedings of the 9th International Conference on Theory and Applications of Satisfiability Testing (SAT 2006)",
pages= "424-429",
year = "2006"
}

@article{MiniC2D,
title="A Top-Down Compiler for Sentential Decision Diagrams.",
author="Umut Oztok and Adnan Darwiche",
journal="In Proceedings of the Twenty-Fourth International Joint Conference on Artificial Intelligence (IJCAI)",
pages="3141-3148",
year="2015"
}

@article{Cachet,
title="Heuristics for Fast Exact Model Counting.",
author="Tian Sang, Paul Beame, and Henry Kautz",
journal="Eighth International Conference on Theory and Applications of Satisfiability Testing",
location="Edinburgh, Scotland",
year="2005"
}
