@article{CHAVIRA2008772,
title = "On probabilistic inference by weighted model counting",
journal = "Artificial Intelligence",
volume = "172",
number = "6",
pages = "772 - 799",
year = "2008",
issn = "0004-3702",
doi = "https://doi.org/10.1016/j.artint.2007.11.002",
url = "http://www.sciencedirect.com/science/article/pii/S0004370207001889",
author = "Mark Chavira and Adnan Darwiche",
keywords = "Bayesian networks, Exact inference, Weighted model counting, Compilation"
}