@article{CHAVIRA2008772,
title = "On probabilistic inference by weighted model counting",
journal = "Artificial Intelligence",
volume = "172",
number = "6",
pages = "772 - 799",
year = "2008",
issn = "0004-3702",
doi = "https://doi.org/10.1016/j.artint.2007.11.002",
url = "http://www.sciencedirect.com/science/article/pii/S0004370207001889",
author = "Mark Chavira and Adnan Darwiche",
keywords = "Bayesian networks, Exact inference, Weighted model counting, Compilation"
}

@article{SharpSAT,
title="sharpSAT - Counting Models with Advanced Component Caching and Implicit BCP",
author="Marc Thurley",
journal= "Proceedings of the 9th International Conference on Theory and Applications of Satisfiability Testing (SAT 2006)",
pages= "424-429",
year = "2006",
}